<record><leader>00000cas a22000007a 4500</leader><controlfield tag="001">11665362</controlfield><controlfield tag="008">850206d19211922inudn ne      0    0eng d</controlfield><datafield ind1=" " ind2=" " tag="010"><subfield code="a">sn 85047509 </subfield></datafield><datafield ind1=" " ind2=" " tag="040"><subfield code="a">NPI</subfield><subfield code="b">eng</subfield><subfield code="c">NPI</subfield><subfield code="d">IUL</subfield><subfield code="d">NPI</subfield><subfield code="d">OCLCQ</subfield><subfield code="d">OCLCF</subfield><subfield code="d">OCLCO</subfield></datafield><datafield ind1="1" ind2=" " tag="029"><subfield code="a">AU@</subfield><subfield code="b">000026373847</subfield></datafield><datafield ind1=" " ind2=" " tag="042"><subfield code="a">msc</subfield></datafield><datafield ind1=" " ind2=" " tag="043"><subfield code="a">n-us-in</subfield></datafield><datafield ind1="0" ind2="0" tag="245"><subfield code="a">Gary evening post and daily tribune.</subfield></datafield><datafield ind1=" " ind2=" " tag="260"><subfield code="a">Gary, Ind. :</subfield><subfield code="b">Gary Print. and Pub. Co.,</subfield><subfield code="c">1921-1922.</subfield></datafield><datafield ind1=" " ind2=" " tag="310"><subfield code="a">Daily (except Sun. and holidays)</subfield></datafield><datafield ind1="0" ind2=" " tag="362"><subfield code="a">Vol. 12, no. 246 (July 11, 1921)-v. 13, no. 272 (Aug. 25, 1922).</subfield></datafield><datafield ind1=" " ind2="0" tag="651"><subfield code="a">Gary (Ind.)</subfield><subfield code="v">Newspapers.</subfield></datafield><datafield ind1=" " ind2="7" tag="655"><subfield code="a">Newspapers.</subfield><subfield code="2">fast</subfield><subfield code="0">(OCoLC)fst01423814</subfield></datafield><datafield ind1=" " ind2="7" tag="651"><subfield code="a">Indiana</subfield><subfield code="z">Gary.</subfield><subfield code="2">fast</subfield><subfield code="0">(OCoLC)fst01205217</subfield></datafield><datafield ind1=" " ind2=" " tag="752"><subfield code="a">United States</subfield><subfield code="b">Indiana</subfield><subfield code="c">Lake</subfield><subfield code="d">Gary.</subfield></datafield><datafield ind1="0" ind2="4" tag="780"><subfield code="t">Gary evening post</subfield><subfield code="w">(DLC)sn 85047510</subfield></datafield><datafield ind1="0" ind2="4" tag="780"><subfield code="t">Gary daily tribune (Gary, Ind. : Daily : 1918)</subfield><subfield code="w">(DLC)sn2005062608</subfield></datafield><datafield ind1="0" ind2="0" tag="785"><subfield code="t">Gary post-tribune</subfield><subfield code="w">(DLC)sn 84045411</subfield></datafield></record>